@article{bhattacharyya2011data,
  title={Data mining for credit card fraud: A comparative study},
  author={Bhattacharyya, Siddhartha and Jha, Sanjeev and Tharakunnel, Kurian and Westland, J Christopher},
  journal={Decision Support Systems},
  volume={50},
  number={3},
  pages={602--613},
  year={2011},
  publisher={Elsevier}
}