@inproceedings{lakhina2004diagnosing,
	title={Diagnosing network-wide traffic anomalies},
	author={Lakhina, Anukool and Crovella, Mark and Diot, Christophe},
	booktitle={ACM SIGCOMM Computer Communication Review},
	volume={34},
	number={4},
	pages={219--230},
	year={2004},
	organization={ACM}
}